
      <record>
         <leader>00000nz  a2200169   4500</leader>
         <controlfield tag="001">30000151</controlfield>
         <controlfield tag="003">RISM</controlfield>
         <controlfield tag="005">20160216</controlfield>
         <controlfield tag="008">160216n||az|||||||##########||||||||||||</controlfield>
         <datafield tag="040" ind1=" " ind2=" ">
            <subfield code="a">S-B</subfield>
         </datafield>
         <datafield tag="043" ind1=" " ind2=" ">
            <subfield code="c">XA-SE</subfield>
         </datafield>
         <datafield tag="110" ind1="2" ind2=" ">
            <subfield code="a">Skoklosters slott</subfield>
            <subfield code="c">Bålsta</subfield>
            <subfield code="g">S-B</subfield>
         </datafield>
         <datafield tag="410" ind1="2" ind2=" ">
            <subfield code="a">Slotts Biblioteket</subfield>
         </datafield>
         <datafield tag="622" ind1=" " ind2=" ">
            <subfield code="e">Skoklosters slott, 746 95 Bålsta, Sweden</subfield>
         </datafield>
      </record>