
      <record>
         <leader>00000nz  a2200169   4500</leader>
         <controlfield tag="001">30005606</controlfield>
         <controlfield tag="003">RISM</controlfield>
         <controlfield tag="005">20160216</controlfield>
         <controlfield tag="008">160216n||az|||||||##########||||||||||||</controlfield>
         <datafield tag="040" ind1=" " ind2=" ">
            <subfield code="a">S-BO</subfield>
         </datafield>
         <datafield tag="043" ind1=" " ind2=" ">
            <subfield code="c">XA-SE</subfield>
         </datafield>
         <datafield tag="110" ind1="2" ind2=" ">
            <subfield code="a">Orkesterföreningens arkiv</subfield>
            <subfield code="c">Borlänge</subfield>
            <subfield code="g">S-BO</subfield>
         </datafield>
         <datafield tag="622" ind1=" " ind2=" ">
            <subfield code="e">Orkesterföreningens arkiv, c/o Borlänge musikskola, 781 81 Borlänge, Sweden</subfield>
         </datafield>
      </record>