
      <record>
         <leader>00000nz  a2200169   4500</leader>
         <controlfield tag="001">30002127</controlfield>
         <controlfield tag="003">RISM</controlfield>
         <controlfield tag="005">20160216</controlfield>
         <controlfield tag="008">160216n||az|||||||##########||||||||||||</controlfield>
         <datafield tag="040" ind1=" " ind2=" ">
            <subfield code="a">S-ES</subfield>
         </datafield>
         <datafield tag="043" ind1=" " ind2=" ">
            <subfield code="c">XA-SE</subfield>
         </datafield>
         <datafield tag="110" ind1="2" ind2=" ">
            <subfield code="a">Stads- och länsbiblioteket</subfield>
            <subfield code="c">Eskilstuna</subfield>
            <subfield code="g">S-ES</subfield>
         </datafield>
         <datafield tag="410" ind1="2" ind2=" ">
            <subfield code="a">Stadsbiblioteket</subfield>
         </datafield>
         <datafield tag="622" ind1=" " ind2=" ">
            <subfield code="e">Stads- och länsbiblioteket, Kriebsensgatan 4, 632 20 Eskilstuna, Sweden</subfield>
         </datafield>
      </record>