
      <record>
         <leader>00000nz  a2200169   4500</leader>
         <controlfield tag="001">30002128</controlfield>
         <controlfield tag="003">RISM</controlfield>
         <controlfield tag="005">20160216</controlfield>
         <controlfield tag="008">160216n||az|||||||##########||||||||||||</controlfield>
         <datafield tag="040" ind1=" " ind2=" ">
            <subfield code="a">S-F</subfield>
         </datafield>
         <datafield tag="043" ind1=" " ind2=" ">
            <subfield code="c">XA-SE</subfield>
         </datafield>
         <datafield tag="110" ind1="2" ind2=" ">
            <subfield code="a">Dalarnas museum</subfield>
            <subfield code="c">Falun</subfield>
            <subfield code="g">S-F</subfield>
         </datafield>
         <datafield tag="622" ind1=" " ind2=" ">
            <subfield code="e">Dalarnas museum, Stigaregatan 2-4, 791 21 Falun, Sweden</subfield>
            <subfield code="u">http://www.dalarnasmuseum.se/</subfield>
         </datafield>
      </record>