
      <record>
         <leader>00000nz  a2200169   4500</leader>
         <controlfield tag="001">30002133</controlfield>
         <controlfield tag="003">RISM</controlfield>
         <controlfield tag="005">20160216</controlfield>
         <controlfield tag="008">160216n||az|||||||##########||||||||||||</controlfield>
         <datafield tag="040" ind1=" " ind2=" ">
            <subfield code="a">S-GÄ</subfield>
         </datafield>
         <datafield tag="043" ind1=" " ind2=" ">
            <subfield code="c">XA-SE</subfield>
         </datafield>
         <datafield tag="110" ind1="2" ind2=" ">
            <subfield code="a">Vasaskolan, Biblioteket</subfield>
            <subfield code="c">Gävle</subfield>
            <subfield code="g">S-GÄ</subfield>
         </datafield>
         <datafield tag="410" ind1="2" ind2=" ">
            <subfield code="a">Högre Allmänna Läroverket</subfield>
         </datafield>
         <datafield tag="622" ind1=" " ind2=" ">
            <subfield code="e">Vasaskolan, Biblioteket, Norra Kunsgatan 15, 803 20  Gävle, Sweden</subfield>
         </datafield>
      </record>