
      <record>
         <leader>00000nz  a2200169   4500</leader>
         <controlfield tag="001">30002130</controlfield>
         <controlfield tag="003">RISM</controlfield>
         <controlfield tag="005">20160216</controlfield>
         <controlfield tag="008">160216n||az|||||||##########||||||||||||</controlfield>
         <datafield tag="040" ind1=" " ind2=" ">
            <subfield code="a">S-Ghl</subfield>
         </datafield>
         <datafield tag="043" ind1=" " ind2=" ">
            <subfield code="c">XA-SE</subfield>
         </datafield>
         <datafield tag="110" ind1="2" ind2=" ">
            <subfield code="a">Hvitfeldtska Högre allmänna läroverket</subfield>
            <subfield code="c">Göteborg</subfield>
            <subfield code="g">S-Ghl</subfield>
         </datafield>
         <datafield tag="410" ind1="2" ind2=" ">
            <subfield code="a">Hvitfeldtska Läroverkets bibliotek</subfield>
         </datafield>
         <datafield tag="410" ind1="2" ind2=" ">
            <subfield code="a">Latinläroverk or Högre Elementarläroverket</subfield>
         </datafield>
         <datafield tag="410" ind1="2" ind2=" ">
            <subfield code="a">Göteborgs Kgl. Gymnasium</subfield>
         </datafield>
         <datafield tag="580" ind1=" " ind2=" ">
            <subfield code="x">S-Gu</subfield>
            <subfield code="0">30000205</subfield>
         </datafield>
      </record>