
      <record>
         <leader>00000nz  a2200169   4500</leader>
         <controlfield tag="001">30002136</controlfield>
         <controlfield tag="003">RISM</controlfield>
         <controlfield tag="005">20160216</controlfield>
         <controlfield tag="008">160216n||az|||||||##########||||||||||||</controlfield>
         <datafield tag="040" ind1=" " ind2=" ">
            <subfield code="a">S-HÄ</subfield>
         </datafield>
         <datafield tag="043" ind1=" " ind2=" ">
            <subfield code="c">XA-SE</subfield>
         </datafield>
         <datafield tag="110" ind1="2" ind2=" ">
            <subfield code="a">Murberget Länsmuseet Västernorrland&#xD;
</subfield>
            <subfield code="c">Härnösand</subfield>
            <subfield code="g">S-HÄ</subfield>
         </datafield>
         <datafield tag="622" ind1=" " ind2=" ">
            <subfield code="e">Murberget Länsmuseet Västernorrland&#xD;
, Murbergsvägen 31, 871 21 Härnösand, Sweden</subfield>
            <subfield code="u">http://www.murberget.se</subfield>
         </datafield>
      </record>