
      <record>
         <leader>00000nz  a2200169   4500</leader>
         <controlfield tag="001">30002138</controlfield>
         <controlfield tag="003">RISM</controlfield>
         <controlfield tag="005">20160216</controlfield>
         <controlfield tag="008">160216n||az|||||||##########||||||||||||</controlfield>
         <datafield tag="040" ind1=" " ind2=" ">
            <subfield code="a">S-HU</subfield>
         </datafield>
         <datafield tag="043" ind1=" " ind2=" ">
            <subfield code="c">XA-SE</subfield>
         </datafield>
         <datafield tag="110" ind1="2" ind2=" ">
            <subfield code="a">Kyrkoarkivet</subfield>
            <subfield code="c">Hudiksvall</subfield>
            <subfield code="g">S-HU</subfield>
         </datafield>
         <datafield tag="622" ind1=" " ind2=" ">
            <subfield code="e">Kyrkoarkivet, Box 1022, 824 11 Hudiksvall, Sweden</subfield>
         </datafield>
      </record>