
      <record>
         <leader>00000nz  a2200169   4500</leader>
         <controlfield tag="001">30000200</controlfield>
         <controlfield tag="003">RISM</controlfield>
         <controlfield tag="005">20160216</controlfield>
         <controlfield tag="008">160216n||az|||||||##########||||||||||||</controlfield>
         <datafield tag="040" ind1=" " ind2=" ">
            <subfield code="a">S-J</subfield>
         </datafield>
         <datafield tag="043" ind1=" " ind2=" ">
            <subfield code="c">XA-SE</subfield>
         </datafield>
         <datafield tag="110" ind1="2" ind2=" ">
            <subfield code="a">Per Brahegymnasiet, Biblioteket</subfield>
            <subfield code="c">Jönköping</subfield>
            <subfield code="g">S-J</subfield>
         </datafield>
         <datafield tag="410" ind1="2" ind2=" ">
            <subfield code="a">Högre Allmänna Läroverket Biblioteket</subfield>
         </datafield>
         <datafield tag="622" ind1=" " ind2=" ">
            <subfield code="e">Per Brahegymnasiet, Biblioteket, Residensgatan 7, 553 16 Jönköping, Sweden</subfield>
            <subfield code="u">http://www.pb.edu.jonkoping.se</subfield>
         </datafield>
      </record>