
      <record>
         <leader>00000nz  a2200169   4500</leader>
         <controlfield tag="001">30000242</controlfield>
         <controlfield tag="003">RISM</controlfield>
         <controlfield tag="005">20160216</controlfield>
         <controlfield tag="008">160216n||az|||||||##########||||||||||||</controlfield>
         <datafield tag="040" ind1=" " ind2=" ">
            <subfield code="a">S-K</subfield>
         </datafield>
         <datafield tag="043" ind1=" " ind2=" ">
            <subfield code="c">XA-SE</subfield>
         </datafield>
         <datafield tag="110" ind1="2" ind2=" ">
            <subfield code="a">Gymnasie- och stiftsbiblioteket i Stadtsbiblioteket</subfield>
            <subfield code="c">Kalmar</subfield>
            <subfield code="g">S-K</subfield>
         </datafield>
         <datafield tag="410" ind1="2" ind2=" ">
            <subfield code="a">Läroverksbiblioteket</subfield>
         </datafield>
         <datafield tag="410" ind1="2" ind2=" ">
            <subfield code="a">Stifts- och Läroverksbiblioteket</subfield>
         </datafield>
         <datafield tag="410" ind1="2" ind2=" ">
            <subfield code="a">Stagneliusskolan</subfield>
         </datafield>
         <datafield tag="622" ind1=" " ind2=" ">
            <subfield code="e">Gymnasie- och stiftsbiblioteket i,  Stadtsbiblioteket, Box 610, 391 26 Kalmar, Sweden</subfield>
         </datafield>
      </record>