
      <record>
         <leader>00000nz  a2200169   4500</leader>
         <controlfield tag="001">30002140</controlfield>
         <controlfield tag="003">RISM</controlfield>
         <controlfield tag="005">20160216</controlfield>
         <controlfield tag="008">160216n||az|||||||##########||||||||||||</controlfield>
         <datafield tag="040" ind1=" " ind2=" ">
            <subfield code="a">S-KAT</subfield>
         </datafield>
         <datafield tag="043" ind1=" " ind2=" ">
            <subfield code="c">XA-SE</subfield>
         </datafield>
         <datafield tag="110" ind1="2" ind2=" ">
            <subfield code="a">Stadsbiblioteket</subfield>
            <subfield code="c">Katrineholm</subfield>
            <subfield code="g">S-KAT</subfield>
         </datafield>
         <datafield tag="622" ind1=" " ind2=" ">
            <subfield code="e">Stadsbiblioteket, Box 90, 641 21 Katrineholm, Sweden</subfield>
         </datafield>
      </record>