
      <record>
         <leader>00000nz  a2200169   4500</leader>
         <controlfield tag="001">30000221</controlfield>
         <controlfield tag="003">RISM</controlfield>
         <controlfield tag="005">20160216</controlfield>
         <controlfield tag="008">160216n||az|||||||##########||||||||||||</controlfield>
         <datafield tag="040" ind1=" " ind2=" ">
            <subfield code="a">S-Klm</subfield>
         </datafield>
         <datafield tag="043" ind1=" " ind2=" ">
            <subfield code="c">XA-SE</subfield>
         </datafield>
         <datafield tag="110" ind1="2" ind2=" ">
            <subfield code="a">Läns Museum</subfield>
            <subfield code="c">Kalmar</subfield>
            <subfield code="g">S-Klm</subfield>
         </datafield>
         <datafield tag="410" ind1="2" ind2=" ">
            <subfield code="a">Country Museum</subfield>
         </datafield>
         <datafield tag="622" ind1=" " ind2=" ">
            <subfield code="e">Läns Museum, Skeppsbrogatan, Ångkvarnen, Box 104, 391 21 Kalmar, Sweden</subfield>
            <subfield code="u">http://www.kalmarlansmuseum.se</subfield>
         </datafield>
      </record>