
      <record>
         <leader>00000nz  a2200169   4500</leader>
         <controlfield tag="001">30002142</controlfield>
         <controlfield tag="003">RISM</controlfield>
         <controlfield tag="005">20160216</controlfield>
         <controlfield tag="008">160216n||az|||||||##########||||||||||||</controlfield>
         <datafield tag="040" ind1=" " ind2=" ">
            <subfield code="a">S-KÖ</subfield>
         </datafield>
         <datafield tag="043" ind1=" " ind2=" ">
            <subfield code="c">XA-SE</subfield>
         </datafield>
         <datafield tag="110" ind1="2" ind2=" ">
            <subfield code="a">Köpings museum</subfield>
            <subfield code="c">Köping</subfield>
            <subfield code="g">S-KÖ</subfield>
         </datafield>
         <datafield tag="622" ind1=" " ind2=" ">
            <subfield code="e">Köpings museum, Östra Långgatan 37, 731 30 Köping, Sweden</subfield>
         </datafield>
      </record>