
      <record>
         <leader>00000nz  a2200169   4500</leader>
         <controlfield tag="001">30000153</controlfield>
         <controlfield tag="003">RISM</controlfield>
         <controlfield tag="005">20160216</controlfield>
         <controlfield tag="008">160216n||az|||||||##########||||||||||||</controlfield>
         <datafield tag="040" ind1=" " ind2=" ">
            <subfield code="a">S-L</subfield>
         </datafield>
         <datafield tag="043" ind1=" " ind2=" ">
            <subfield code="c">XA-SE</subfield>
         </datafield>
         <datafield tag="110" ind1="2" ind2=" ">
            <subfield code="a">Universitetsbiblioteket</subfield>
            <subfield code="c">Lund</subfield>
            <subfield code="g">S-L</subfield>
         </datafield>
         <datafield tag="622" ind1=" " ind2=" ">
            <subfield code="e">Universitetsbiblioteket, Box 3, Helgonabacken, 221 00 Lund, Sweden</subfield>
            <subfield code="u">http://www.ub.lu.se/collections/sheet-music</subfield>
         </datafield>
      </record>