
      <record>
         <leader>00000nz  a2200169   4500</leader>
         <controlfield tag="001">30002143</controlfield>
         <controlfield tag="003">RISM</controlfield>
         <controlfield tag="005">20160216</controlfield>
         <controlfield tag="008">160216n||az|||||||##########||||||||||||</controlfield>
         <datafield tag="040" ind1=" " ind2=" ">
            <subfield code="a">S-Lbarnekow</subfield>
         </datafield>
         <datafield tag="043" ind1=" " ind2=" ">
            <subfield code="c">XA-SE</subfield>
         </datafield>
         <datafield tag="110" ind1="2" ind2=" ">
            <subfield code="a">Bibliothek der Akademischen Kapelle, Sammlung Barnekow</subfield>
            <subfield code="c">Lund</subfield>
            <subfield code="g">S-Lbarnekow</subfield>
         </datafield>
         <datafield tag="410" ind1="2" ind2=" ">
            <subfield code="a">Barnekow private collection</subfield>
         </datafield>
         <datafield tag="580" ind1=" " ind2=" ">
            <subfield code="x">S-L</subfield>
            <subfield code="0">30000153</subfield>
         </datafield>
      </record>