
      <record>
         <leader>00000nz  a2200169   4500</leader>
         <controlfield tag="001">30000204</controlfield>
         <controlfield tag="003">RISM</controlfield>
         <controlfield tag="005">20160216</controlfield>
         <controlfield tag="008">160216n||az|||||||##########||||||||||||</controlfield>
         <datafield tag="040" ind1=" " ind2=" ">
            <subfield code="a">S-LUnm</subfield>
         </datafield>
         <datafield tag="043" ind1=" " ind2=" ">
            <subfield code="c">XA-SE</subfield>
         </datafield>
         <datafield tag="110" ind1="2" ind2=" ">
            <subfield code="a">Norrbottens museum</subfield>
            <subfield code="c">Luleå</subfield>
            <subfield code="g">S-LUnm</subfield>
         </datafield>
         <datafield tag="410" ind1="2" ind2=" ">
            <subfield code="a">Norrbottens Museum (Solanders notbok)</subfield>
         </datafield>
         <datafield tag="622" ind1=" " ind2=" ">
            <subfield code="e">Norrbottens museum, Box 266, Storgatan 2, 951 08 Luleå, Sweden</subfield>
         </datafield>
      </record>