
      <record>
         <leader>00000nz  a2200169   4500</leader>
         <controlfield tag="001">30002147</controlfield>
         <controlfield tag="003">RISM</controlfield>
         <controlfield tag="005">20160216</controlfield>
         <controlfield tag="008">160216n||az|||||||##########||||||||||||</controlfield>
         <datafield tag="040" ind1=" " ind2=" ">
            <subfield code="a">S-M</subfield>
         </datafield>
         <datafield tag="043" ind1=" " ind2=" ">
            <subfield code="c">XA-SE</subfield>
         </datafield>
         <datafield tag="110" ind1="2" ind2=" ">
            <subfield code="a">Stadsarkivet</subfield>
            <subfield code="c">Malmö</subfield>
            <subfield code="g">S-M</subfield>
         </datafield>
         <datafield tag="410" ind1="2" ind2=" ">
            <subfield code="a">Stadsbiblioteket</subfield>
         </datafield>
         <datafield tag="622" ind1=" " ind2=" ">
            <subfield code="e">Stadsarkivet, Isbergs gata 13, 211 19 Malmö, Sweden</subfield>
            <subfield code="u">http://www.malmo.se/stadsarkivet</subfield>
         </datafield>
      </record>