
      <record>
         <leader>00000nz  a2200169   4500</leader>
         <controlfield tag="001">30000154</controlfield>
         <controlfield tag="003">RISM</controlfield>
         <controlfield tag="005">20160216</controlfield>
         <controlfield tag="008">160216n||az|||||||##########||||||||||||</controlfield>
         <datafield tag="040" ind1=" " ind2=" ">
            <subfield code="a">S-N</subfield>
         </datafield>
         <datafield tag="043" ind1=" " ind2=" ">
            <subfield code="c">XA-SE</subfield>
         </datafield>
         <datafield tag="110" ind1="2" ind2=" ">
            <subfield code="a">Stadsbiblioteket</subfield>
            <subfield code="c">Norrköping</subfield>
            <subfield code="g">S-N</subfield>
         </datafield>
         <datafield tag="622" ind1=" " ind2=" ">
            <subfield code="e">Stadsbiblioteket, Box 2113, Södra Promenaden 105, 600 02  Norrköping, Sweden</subfield>
            <subfield code="u">http://www.nsb.norrkoping.se/</subfield>
         </datafield>
      </record>