
      <record>
         <leader>00000nz  a2200169   4500</leader>
         <controlfield tag="001">30078562</controlfield>
         <controlfield tag="003">RISM</controlfield>
         <controlfield tag="005">20160216</controlfield>
         <controlfield tag="008">160216n||az|||||||##########||||||||||||</controlfield>
         <datafield tag="040" ind1=" " ind2=" ">
            <subfield code="a">S-Östa</subfield>
         </datafield>
         <datafield tag="043" ind1=" " ind2=" ">
            <subfield code="c">SE</subfield>
         </datafield>
         <datafield tag="110" ind1="2" ind2=" ">
            <subfield code="a">Stadsarkivet</subfield>
            <subfield code="c">Örebro</subfield>
            <subfield code="g">S-Östa</subfield>
         </datafield>
         <datafield tag="622" ind1=" " ind2=" ">
            <subfield code="e">Stadsarkivet, Kaserngården 4, 70365 Örebro, Sweden</subfield>
            <subfield code="u">http://www.orebro.se/stadsarkiv/</subfield>
         </datafield>
      </record>