
      <record>
         <leader>00000nz  a2200169   4500</leader>
         <controlfield tag="001">30000252</controlfield>
         <controlfield tag="003">RISM</controlfield>
         <controlfield tag="005">20160216</controlfield>
         <controlfield tag="008">160216n||az|||||||##########||||||||||||</controlfield>
         <datafield tag="040" ind1=" " ind2=" ">
            <subfield code="a">S-Sfo</subfield>
         </datafield>
         <datafield tag="043" ind1=" " ind2=" ">
            <subfield code="c">XA-SE</subfield>
         </datafield>
         <datafield tag="110" ind1="2" ind2=" ">
            <subfield code="a">Frimurare orden, Biblioteket</subfield>
            <subfield code="c">Stockholm</subfield>
            <subfield code="g">S-Sfo</subfield>
         </datafield>
         <datafield tag="622" ind1=" " ind2=" ">
            <subfield code="e">Frimurare orden, Biblioteket, Blasieholmsgatan 6, 111 48 Stockholm, Sweden</subfield>
         </datafield>
      </record>