
      <record>
         <leader>00000nz  a2200169   4500</leader>
         <controlfield tag="001">30002151</controlfield>
         <controlfield tag="003">RISM</controlfield>
         <controlfield tag="005">20160216</controlfield>
         <controlfield tag="008">160216n||az|||||||##########||||||||||||</controlfield>
         <datafield tag="040" ind1=" " ind2=" ">
            <subfield code="a">S-Sic</subfield>
         </datafield>
         <datafield tag="043" ind1=" " ind2=" ">
            <subfield code="c">XA-SE</subfield>
         </datafield>
         <datafield tag="110" ind1="2" ind2=" ">
            <subfield code="a">Svensk musik</subfield>
            <subfield code="c">Stockholm</subfield>
            <subfield code="g">S-Sic</subfield>
         </datafield>
         <datafield tag="410" ind1="2" ind2=" ">
            <subfield code="a">STIMS Informationscentral för Svensk Musik</subfield>
         </datafield>
         <datafield tag="410" ind1="2" ind2=" ">
            <subfield code="a">Swedish Music Information Center</subfield>
         </datafield>
         <datafield tag="410" ind1="2" ind2=" ">
            <subfield code="a">Informations Central för Svensk Musik</subfield>
         </datafield>
         <datafield tag="622" ind1=" " ind2=" ">
            <subfield code="e">Svensk musik, Box 1539, Tegnérlunden 3, 11185 Stockholm, Sweden</subfield>
         </datafield>
      </record>