
      <record>
         <leader>00000nz  a2200169   4500</leader>
         <controlfield tag="001">30002158</controlfield>
         <controlfield tag="003">RISM</controlfield>
         <controlfield tag="005">20160216</controlfield>
         <controlfield tag="008">160216n||az|||||||##########||||||||||||</controlfield>
         <datafield tag="040" ind1=" " ind2=" ">
            <subfield code="a">S-SK</subfield>
         </datafield>
         <datafield tag="043" ind1=" " ind2=" ">
            <subfield code="c">XA-SE</subfield>
         </datafield>
         <datafield tag="110" ind1="2" ind2=" ">
            <subfield code="a">Stifts- och landsbiblioteket</subfield>
            <subfield code="c">Skara</subfield>
            <subfield code="g">S-SK</subfield>
         </datafield>
         <datafield tag="622" ind1=" " ind2=" ">
            <subfield code="e">Stifts- och landsbiblioteket, Box 194, Prubbatorget 1, 532 23 Skara, Sweden</subfield>
            <subfield code="u">http://www.skara.se</subfield>
         </datafield>
      </record>