
      <record>
         <leader>00000nz  a2200169   4500</leader>
         <controlfield tag="001">30002152</controlfield>
         <controlfield tag="003">RISM</controlfield>
         <controlfield tag="005">20160216</controlfield>
         <controlfield tag="008">160216n||az|||||||##########||||||||||||</controlfield>
         <datafield tag="040" ind1=" " ind2=" ">
            <subfield code="a">S-Sk</subfield>
         </datafield>
         <datafield tag="043" ind1=" " ind2=" ">
            <subfield code="c">XA-SE</subfield>
         </datafield>
         <datafield tag="110" ind1="2" ind2=" ">
            <subfield code="a">Kungliga biblioteket</subfield>
            <subfield code="c">Stockholm</subfield>
            <subfield code="g">S-Sk</subfield>
         </datafield>
         <datafield tag="622" ind1=" " ind2=" ">
            <subfield code="e">Kungliga biblioteket, Box 5039, Humlegården, 10241 Stockholm 5, Sweden</subfield>
            <subfield code="u">http://www.kb.se/</subfield>
         </datafield>
      </record>