
      <record>
         <leader>00000nz  a2200169   4500</leader>
         <controlfield tag="001">30000292</controlfield>
         <controlfield tag="003">RISM</controlfield>
         <controlfield tag="005">20160216</controlfield>
         <controlfield tag="008">160216n||az|||||||##########||||||||||||</controlfield>
         <datafield tag="040" ind1=" " ind2=" ">
            <subfield code="a">S-Ska</subfield>
         </datafield>
         <datafield tag="043" ind1=" " ind2=" ">
            <subfield code="c">XA-SE</subfield>
         </datafield>
         <datafield tag="110" ind1="2" ind2=" ">
            <subfield code="a">Krigsarkivet</subfield>
            <subfield code="c">Stockholm</subfield>
            <subfield code="g">S-Ska</subfield>
         </datafield>
         <datafield tag="622" ind1=" " ind2=" ">
            <subfield code="e">Krigsarkivet, Banérgatan 64, 115 88  Stockholm, Sweden</subfield>
            <subfield code="u">http://www.ra.se/kra</subfield>
         </datafield>
      </record>