
      <record>
         <leader>00000nz  a2200169   4500</leader>
         <controlfield tag="001">30003151</controlfield>
         <controlfield tag="003">RISM</controlfield>
         <controlfield tag="005">20160216</controlfield>
         <controlfield tag="008">160216n||az|||||||##########||||||||||||</controlfield>
         <datafield tag="040" ind1=" " ind2=" ">
            <subfield code="a">S-Skam</subfield>
         </datafield>
         <datafield tag="043" ind1=" " ind2=" ">
            <subfield code="c">XA-SE</subfield>
         </datafield>
         <datafield tag="110" ind1="2" ind2=" ">
            <subfield code="a">Kammararkivet</subfield>
            <subfield code="c">Stockholm</subfield>
            <subfield code="g">S-Skam</subfield>
         </datafield>
         <datafield tag="410" ind1="2" ind2=" ">
            <subfield code="a">Kammararkivet, Baltiska Fogderäkenskaper</subfield>
         </datafield>
         <datafield tag="580" ind1=" " ind2=" ">
            <subfield code="x">S-Sr</subfield>
            <subfield code="0">30003741</subfield>
         </datafield>
      </record>