
      <record>
         <leader>00000nz  a2200169   4500</leader>
         <controlfield tag="001">30002108</controlfield>
         <controlfield tag="003">RISM</controlfield>
         <controlfield tag="005">20160216</controlfield>
         <controlfield tag="008">160216n||az|||||||##########||||||||||||</controlfield>
         <datafield tag="040" ind1=" " ind2=" ">
            <subfield code="a">S-SKl</subfield>
         </datafield>
         <datafield tag="043" ind1=" " ind2=" ">
            <subfield code="c">XA-SE</subfield>
         </datafield>
         <datafield tag="110" ind1="2" ind2=" ">
            <subfield code="a">Läroverkets Musikbibliotek</subfield>
            <subfield code="c">Skara</subfield>
            <subfield code="g">S-SKl</subfield>
         </datafield>
         <datafield tag="580" ind1=" " ind2=" ">
            <subfield code="x">S-SK</subfield>
            <subfield code="0">30002158</subfield>
         </datafield>
      </record>