
      <record>
         <leader>00000nz  a2200169   4500</leader>
         <controlfield tag="001">30002153</controlfield>
         <controlfield tag="003">RISM</controlfield>
         <controlfield tag="005">20160216</controlfield>
         <controlfield tag="008">160216n||az|||||||##########||||||||||||</controlfield>
         <datafield tag="040" ind1=" " ind2=" ">
            <subfield code="a">S-Skma</subfield>
         </datafield>
         <datafield tag="043" ind1=" " ind2=" ">
            <subfield code="c">XA-SE</subfield>
         </datafield>
         <datafield tag="110" ind1="2" ind2=" ">
            <subfield code="a">Musik- och teaterbiblioteket</subfield>
            <subfield code="c">Stockholm</subfield>
            <subfield code="g">S-Skma</subfield>
         </datafield>
         <datafield tag="410" ind1="2" ind2=" ">
            <subfield code="a">Statens Musiksamlingar</subfield>
         </datafield>
         <datafield tag="410" ind1="2" ind2=" ">
            <subfield code="a">Kungliga Musikaliska Akademiens Biblioteket</subfield>
         </datafield>
         <datafield tag="622" ind1=" " ind2=" ">
            <subfield code="e">Musik- och teaterbiblioteket, Box 16 326, Torsgatan 19, 103 26 Stockholm, Sweden</subfield>
            <subfield code="u">http://www.muslib.se/</subfield>
         </datafield>
      </record>