
      <record>
         <leader>00000nz  a2200169   4500</leader>
         <controlfield tag="001">30000254</controlfield>
         <controlfield tag="003">RISM</controlfield>
         <controlfield tag="005">20160216</controlfield>
         <controlfield tag="008">160216n||az|||||||##########||||||||||||</controlfield>
         <datafield tag="040" ind1=" " ind2=" ">
            <subfield code="a">S-Sm</subfield>
         </datafield>
         <datafield tag="043" ind1=" " ind2=" ">
            <subfield code="c">XA-SE</subfield>
         </datafield>
         <datafield tag="110" ind1="2" ind2=" ">
            <subfield code="a">Musikmuseet</subfield>
            <subfield code="c">Stockholm</subfield>
            <subfield code="g">S-Sm</subfield>
         </datafield>
         <datafield tag="410" ind1="2" ind2=" ">
            <subfield code="a">Musikhistoriska Museet, Biblioteket</subfield>
         </datafield>
         <datafield tag="622" ind1=" " ind2=" ">
            <subfield code="e">Musikmuseet, Sibyllegatan 2, Box 16326, 103 26 Stockholm, Sweden</subfield>
            <subfield code="u">http://stockholm.music.museum/</subfield>
         </datafield>
      </record>