
      <record>
         <leader>00000nz  a2200169   4500</leader>
         <controlfield tag="001">30002155</controlfield>
         <controlfield tag="003">RISM</controlfield>
         <controlfield tag="005">20160216</controlfield>
         <controlfield tag="008">160216n||az|||||||##########||||||||||||</controlfield>
         <datafield tag="040" ind1=" " ind2=" ">
            <subfield code="a">S-Sn</subfield>
         </datafield>
         <datafield tag="043" ind1=" " ind2=" ">
            <subfield code="c">XA-SE</subfield>
         </datafield>
         <datafield tag="110" ind1="2" ind2=" ">
            <subfield code="a">Nordiska museet, Arkivet</subfield>
            <subfield code="c">Stockholm</subfield>
            <subfield code="g">S-Sn</subfield>
         </datafield>
         <datafield tag="410" ind1="2" ind2=" ">
            <subfield code="a">Nordiska Museet, Biblioteket</subfield>
         </datafield>
         <datafield tag="410" ind1="2" ind2=" ">
            <subfield code="a">Skandinavsk-Etnografiska Samlingen</subfield>
         </datafield>
         <datafield tag="622" ind1=" " ind2=" ">
            <subfield code="e">Nordiska museet, Arkivet, Linnégatan 89 t.v., 115 93 Stockholm, Sweden</subfield>
         </datafield>
      </record>