
      <record>
         <leader>00000nz  a2200169   4500</leader>
         <controlfield tag="001">30004124</controlfield>
         <controlfield tag="003">RISM</controlfield>
         <controlfield tag="005">20160216</controlfield>
         <controlfield tag="008">160216n||az|||||||##########||||||||||||</controlfield>
         <datafield tag="040" ind1=" " ind2=" ">
            <subfield code="a">S-Ud</subfield>
         </datafield>
         <datafield tag="043" ind1=" " ind2=" ">
            <subfield code="c">XA-SE</subfield>
         </datafield>
         <datafield tag="110" ind1="2" ind2=" ">
            <subfield code="a">Dialekt- och folkminnesarkivet</subfield>
            <subfield code="c">Uppsala</subfield>
            <subfield code="g">S-Ud</subfield>
         </datafield>
         <datafield tag="622" ind1=" " ind2=" ">
            <subfield code="e">Dialekt- och folkminnesarkivet, Box 1743, 751 47 Uppsala, Sweden</subfield>
         </datafield>
      </record>