
      <record>
         <leader>00000nz  a2200169   4500</leader>
         <controlfield tag="001">30002163</controlfield>
         <controlfield tag="003">RISM</controlfield>
         <controlfield tag="005">20160216</controlfield>
         <controlfield tag="008">160216n||az|||||||##########||||||||||||</controlfield>
         <datafield tag="040" ind1=" " ind2=" ">
            <subfield code="a">S-Uifm</subfield>
         </datafield>
         <datafield tag="043" ind1=" " ind2=" ">
            <subfield code="c">XA-SE</subfield>
         </datafield>
         <datafield tag="110" ind1="2" ind2=" ">
            <subfield code="a">Institutionen för musikvetenskap</subfield>
            <subfield code="c">Uppsala</subfield>
            <subfield code="g">S-Uifm</subfield>
         </datafield>
         <datafield tag="410" ind1="2" ind2=" ">
            <subfield code="a">Institutionen för musikforskning</subfield>
         </datafield>
         <datafield tag="410" ind1="2" ind2=" ">
            <subfield code="a">Institutionen för Musikforskning vid Uppsala Universitet</subfield>
         </datafield>
         <datafield tag="622" ind1=" " ind2=" ">
            <subfield code="e">Institutionen för musikvetenskap, Övre Slottsgatan 6, 753 10  Uppsala, Sweden</subfield>
         </datafield>
      </record>