
      <record>
         <leader>00000nz  a2200169   4500</leader>
         <controlfield tag="001">30000253</controlfield>
         <controlfield tag="003">RISM</controlfield>
         <controlfield tag="005">20160216</controlfield>
         <controlfield tag="008">160216n||az|||||||##########||||||||||||</controlfield>
         <datafield tag="040" ind1=" " ind2=" ">
            <subfield code="a">S-Uu</subfield>
         </datafield>
         <datafield tag="043" ind1=" " ind2=" ">
            <subfield code="c">XA-SE</subfield>
         </datafield>
         <datafield tag="110" ind1="2" ind2=" ">
            <subfield code="a">Universitetsbibliotek, Carolina Rediviva</subfield>
            <subfield code="c">Uppsala</subfield>
            <subfield code="g">S-Uu</subfield>
         </datafield>
         <datafield tag="622" ind1=" " ind2=" ">
            <subfield code="e">Universitetsbibliotek, Carolina Rediviva, Box 510, Dag Hammarskjölds väg 1, 751 20 Uppsala, Sweden</subfield>
            <subfield code="u">http://www.ub.uu.se/</subfield>
         </datafield>
      </record>