
      <record>
         <leader>00000nz  a2200169   4500</leader>
         <controlfield tag="001">30002164</controlfield>
         <controlfield tag="003">RISM</controlfield>
         <controlfield tag="005">20160216</controlfield>
         <controlfield tag="008">160216n||az|||||||##########||||||||||||</controlfield>
         <datafield tag="040" ind1=" " ind2=" ">
            <subfield code="a">S-V</subfield>
         </datafield>
         <datafield tag="043" ind1=" " ind2=" ">
            <subfield code="c">XA-SE</subfield>
         </datafield>
         <datafield tag="110" ind1="2" ind2=" ">
            <subfield code="a">Stadsbibliotek</subfield>
            <subfield code="c">Västerås</subfield>
            <subfield code="g">S-V</subfield>
         </datafield>
         <datafield tag="410" ind1="2" ind2=" ">
            <subfield code="a">Stifts- och Läroverksbiblioteket</subfield>
         </datafield>
         <datafield tag="410" ind1="2" ind2=" ">
            <subfield code="a">Stifts- och Landsbiblioteket</subfield>
         </datafield>
         <datafield tag="410" ind1="2" ind2=" ">
            <subfield code="a">Librarium Cathedralis, Bibliotheca Templi et Consistorii Cathedralis</subfield>
         </datafield>
         <datafield tag="410" ind1="2" ind2=" ">
            <subfield code="a">Västerås Gamla Gymnasiebiblioteket</subfield>
         </datafield>
         <datafield tag="622" ind1=" " ind2=" ">
            <subfield code="e">Stadsbibliotek, Biskopsgatan 2, 721 87 Västerås, Sweden</subfield>
            <subfield code="u">http://www.bibliotek.vasteras.se/</subfield>
         </datafield>
      </record>