
      <record>
         <leader>00000nz  a2200169   4500</leader>
         <controlfield tag="001">30002165</controlfield>
         <controlfield tag="003">RISM</controlfield>
         <controlfield tag="005">20160216</controlfield>
         <controlfield tag="008">160216n||az|||||||##########||||||||||||</controlfield>
         <datafield tag="040" ind1=" " ind2=" ">
            <subfield code="a">S-VIl</subfield>
         </datafield>
         <datafield tag="043" ind1=" " ind2=" ">
            <subfield code="c">XA-SE</subfield>
         </datafield>
         <datafield tag="110" ind1="2" ind2=" ">
            <subfield code="a">Landsarkivet</subfield>
            <subfield code="c">Visby</subfield>
            <subfield code="g">S-VIl</subfield>
         </datafield>
         <datafield tag="622" ind1=" " ind2=" ">
            <subfield code="e">Landsarkivet, Broväg 27, 621 41 Visby, Sweden</subfield>
            <subfield code="u">http://www.statensarkiv.se/</subfield>
         </datafield>
      </record>