
      <record>
         <leader>00000nz  a2200169   4500</leader>
         <controlfield tag="001">30002167</controlfield>
         <controlfield tag="003">RISM</controlfield>
         <controlfield tag="005">20160216</controlfield>
         <controlfield tag="008">160216n||az|||||||##########||||||||||||</controlfield>
         <datafield tag="040" ind1=" " ind2=" ">
            <subfield code="a">S-VX</subfield>
         </datafield>
         <datafield tag="043" ind1=" " ind2=" ">
            <subfield code="c">XA-SE</subfield>
         </datafield>
         <datafield tag="110" ind1="2" ind2=" ">
            <subfield code="a">Stadsbibliotek</subfield>
            <subfield code="c">Växjö</subfield>
            <subfield code="g">S-VX</subfield>
         </datafield>
         <datafield tag="410" ind1="2" ind2=" ">
            <subfield code="a">Landsbiblioteket</subfield>
         </datafield>
         <datafield tag="410" ind1="2" ind2=" ">
            <subfield code="a">Stifts- och Gymnasiebiblioteket</subfield>
         </datafield>
         <datafield tag="410" ind1="2" ind2=" ">
            <subfield code="a">Stifts- och Landsbiblioteket</subfield>
         </datafield>
         <datafield tag="622" ind1=" " ind2=" ">
            <subfield code="e">Stadsbibliotek, Västra Esplanaden 7, 351 12 Växjö, Sweden</subfield>
            <subfield code="u">http://www.vaxjo.se/VaxjoTemplates/Public/Pages/Page.aspx?id=7944</subfield>
         </datafield>
      </record>
   </collection>

